<?xml version="1.0" encoding="UTF-8"?><collection xmlns="http://www.loc.gov/MARC21/slim"><record><leader>00395nam--2200133-i-4500</leader><controlfield tag="001">000034947</controlfield><controlfield tag="002">20161230</controlfield><controlfield tag="005">20161230201040</controlfield><controlfield tag="008">060222s1000------------r-----000-0-eng-d</controlfield><datafield ind1=" " ind2=" " tag="100"><subfield code="a">Namioka, Isaac</subfield></datafield><datafield ind1=" " ind2=" " tag="245"><subfield code="a">Partialy ordered linear topological spaces</subfield></datafield><datafield ind1=" " ind2=" " tag="260"><subfield code="a">Providence, R.I.American Mathematical Society, 1957. 49p</subfield></datafield><datafield ind1=" " ind2=" " tag="490"><subfield code="a">Memoirs Of The American Mathematical Society</subfield></datafield><datafield ind1=" " ind2=" " tag="852"><subfield code="a">15868</subfield></datafield></record></collection>